@article{litinski2019game,
  title     = {A game of surface codes: Large-scale quantum computing with lattice surgery},
  author    = {Litinski, Daniel},
  journal   = {Quantum},
  volume    = {3},
  pages     = {128},
  year      = {2019},
  publisher = {Verein zur F{\"o}rderung des Open Access Publizierens in den Quantenwissenschaften}
}

@article{landahl2014quantum,
  title   = {Quantum computing by color-code lattice surgery},
  author  = {Landahl, Andrew J and Ryan-Anderson, Ciaran},
  journal = {arXiv preprint arXiv:1407.5103},
  year    = {2014}
}


@book{Lamar_2024,
  place     = {California},
  edition   = {1},
  title     = {Not Like Us},
  publisher = {Interscope Records},
  author    = {Lamar, Kendrick},
  year      = {2024},
  month     = {May.}
}


@article{bombin2006topological,
  title     = {Topological quantum distillation},
  author    = {Bombin, Hector and Martin-Delgado, Miguel Angel},
  journal   = {Physical review letters},
  volume    = {97},
  number    = {18},
  pages     = {180501},
  year      = {2006},
  publisher = {APS}
}

@article{kitaev2003fault,
  title     = {Fault-tolerant quantum computation by anyons},
  author    = {Kitaev, A Yu},
  journal   = {Annals of physics},
  volume    = {303},
  number    = {1},
  pages     = {2--30},
  year      = {2003},
  publisher = {Elsevier}
}

@article{fowler2012surface,
  title     = {Surface codes: Towards practical large-scale quantum computation},
  author    = {Fowler, Austin G and Mariantoni, Matteo and Martinis, John M and Cleland, Andrew N},
  journal   = {Physical Review A},
  volume    = {86},
  number    = {3},
  pages     = {032324},
  year      = {2012},
  publisher = {APS}
}

@book{nielsen2001quantum,
  title     = {Quantum computation and quantum information},
  author    = {Nielsen, Michael A and Chuang, Isaac L},
  volume    = {2},
  year      = {2001},
  publisher = {Cambridge university press Cambridge}
}

@article{campbell2021early,
  title     = {Early fault-tolerant simulations of the Hubbard model},
  author    = {Campbell, Earl T},
  journal   = {Quantum Science and Technology},
  volume    = {7},
  number    = {1},
  pages     = {015007},
  year      = {2021},
  publisher = {IOP Publishing}
}

@article{babbush2018encoding,
  title     = {Encoding electronic spectra in quantum circuits with linear T complexity},
  author    = {Babbush, Ryan and Gidney, Craig and Berry, Dominic W and Wiebe, Nathan and McClean, Jarrod and Paler, Alexandru and Fowler, Austin and Neven, Hartmut},
  journal   = {Physical Review X},
  volume    = {8},
  number    = {4},
  pages     = {041015},
  year      = {2018},
  publisher = {APS}
}

@article{ross2014optimal,
  title   = {Optimal ancilla-free Clifford+ T approximation of z-rotations},
  author  = {Ross, Neil J and Selinger, Peter},
  journal = {arXiv preprint arXiv:1403.2975},
  year    = {2014}
}

@article{bocharov2015efficient,
  title     = {Efficient synthesis of universal repeat-until-success quantum circuits},
  author    = {Bocharov, Alex and Roetteler, Martin and Svore, Krysta M},
  journal   = {Physical review letters},
  volume    = {114},
  number    = {8},
  pages     = {080502},
  year      = {2015},
  publisher = {APS}
}

@article{kivlichan2020improved,
  title     = {Improved fault-tolerant quantum simulation of condensed-phase correlated electrons via trotterization},
  author    = {Kivlichan, Ian D and Gidney, Craig and Berry, Dominic W and Wiebe, Nathan and McClean, Jarrod and Sun, Wei and Jiang, Zhang and Rubin, Nicholas and Fowler, Austin and Aspuru-Guzik, Al{\'a}n and others},
  journal   = {Quantum},
  volume    = {4},
  pages     = {296},
  year      = {2020},
  publisher = {Verein zur F{\"o}rderung des Open Access Publizierens in den Quantenwissenschaften}
}

@article{yi2022spectral,
  title     = {Spectral analysis of product formulas for quantum simulation},
  author    = {Yi, Changhao and Crosson, Elizabeth},
  journal   = {npj Quantum Information},
  volume    = {8},
  number    = {1},
  pages     = {37},
  year      = {2022},
  publisher = {Nature Publishing Group UK London}
}

@article{hempel2018quantum,
  title     = {Quantum chemistry calculations on a trapped-ion quantum simulator},
  author    = {Hempel, Cornelius and Maier, Christine and Romero, Jonathan and McClean, Jarrod and Monz, Thomas and Shen, Heng and Jurcevic, Petar and Lanyon, Ben P and Love, Peter and Babbush, Ryan and others},
  journal   = {Physical Review X},
  volume    = {8},
  number    = {3},
  pages     = {031022},
  year      = {2018},
  publisher = {APS}
}

@article{childs2021theory,
  title     = {Theory of trotter error with commutator scaling},
  author    = {Childs, Andrew M and Su, Yuan and Tran, Minh C and Wiebe, Nathan and Zhu, Shuchen},
  journal   = {Physical Review X},
  volume    = {11},
  number    = {1},
  pages     = {011020},
  year      = {2021},
  publisher = {APS}
}

@article{mcclean2020openfermion,
  title     = {OpenFermion: the electronic structure package for quantum computers},
  author    = {McClean, Jarrod R and Rubin, Nicholas C and Sung, Kevin J and Kivlichan, Ian D and Bonet-Monroig, Xavier and Cao, Yudong and Dai, Chengyu and Fried, E Schuyler and Gidney, Craig and Gimby, Brendan and others},
  journal   = {Quantum Science and Technology},
  volume    = {5},
  number    = {3},
  pages     = {034014},
  year      = {2020},
  publisher = {IOP Publishing}
}

@misc{jordan1928paulische,
  title  = {{\"u}ber das Paulische {\"a}quivalenzverbot. Z Phys 47: 631},
  author = {Jordan, P and Wigner, E},
  year   = {1928}
}

@article{sun2018pyscf,
  title     = {PySCF: the Python-based simulations of chemistry framework},
  author    = {Sun, Qiming and Berkelbach, Timothy C and Blunt, Nick S and Booth, George H and Guo, Sheng and Li, Zhendong and Liu, Junzi and McClain, James D and Sayfutyarova, Elvira R and Sharma, Sandeep and others},
  journal   = {Wiley Interdisciplinary Reviews: Computational Molecular Science},
  volume    = {8},
  number    = {1},
  pages     = {e1340},
  year      = {2018},
  publisher = {Wiley Online Library}
}

@article{bergholm2018pennylane,
  title   = {Pennylane: Automatic differentiation of hybrid quantum-classical computations},
  author  = {Bergholm, Ville and Izaac, Josh and Schuld, Maria and Gogolin, Christian and Ahmed, Shahnawaz and Ajith, Vishnu and Alam, M Sohaib and Alonso-Linaje, Guillermo and AkashNarayanan, B and Asadi, Ali and others},
  journal = {arXiv preprint arXiv:1811.04968},
  year    = {2018}
}

@article{atia2017fast,
  title     = {Fast-forwarding of Hamiltonians and exponentially precise measurements},
  author    = {Atia, Yosi and Aharonov, Dorit},
  journal   = {Nature communications},
  volume    = {8},
  number    = {1},
  pages     = {1572},
  year      = {2017},
  publisher = {Nature Publishing Group UK London}
}

@article{berry2007efficient,
  title     = {Efficient quantum algorithms for simulating sparse Hamiltonians},
  author    = {Berry, Dominic W and Ahokas, Graeme and Cleve, Richard and Sanders, Barry C},
  journal   = {Communications in Mathematical Physics},
  volume    = {270},
  pages     = {359--371},
  year      = {2007},
  publisher = {Springer}
}

@article{baker1905alternants,
  title     = {Alternants and continuous groups},
  author    = {Baker, Henry Frederick},
  journal   = {Proceedings of the London Mathematical Society},
  volume    = {2},
  number    = {1},
  pages     = {24--47},
  year      = {1905},
  publisher = {Oxford University Press}
}

@article{hausdorff1906symbolische,
  title   = {Die symbolische Exponentialformel in der Gruppentheorie},
  author  = {Hausdorff, Felix},
  journal = {Ber. Verh. Kgl. S{\~A}Â¤ chs. Ges. Wiss. Leipzig., Math.-phys. Kl.},
  volume  = {58},
  pages   = {19--48},
  year    = {1906}
}

@article{lee2021even,
  title     = {Even more efficient quantum computations of chemistry through tensor hypercontraction},
  author    = {Lee, Joonho and Berry, Dominic W and Gidney, Craig and Huggins, William J and McClean, Jarrod R and Wiebe, Nathan and Babbush, Ryan},
  journal   = {PRX Quantum},
  volume    = {2},
  number    = {3},
  pages     = {030305},
  year      = {2021},
  publisher = {APS}
}

@article{kitaev1995quantum,
  title   = {Quantum measurements and the Abelian stabilizer problem},
  author  = {Kitaev, A Yu},
  journal = {arXiv preprint quant-ph/9511026},
  year    = {1995}
}

@article{low2019hamiltonian,
  title     = {Hamiltonian simulation by qubitization},
  author    = {Low, Guang Hao and Chuang, Isaac L},
  journal   = {Quantum},
  volume    = {3},
  pages     = {163},
  year      = {2019},
  publisher = {Verein zur F{\"o}rderung des Open Access Publizierens in den Quantenwissenschaften}
}

@article{martyn2021grand,
  title     = {Grand unification of quantum algorithms},
  author    = {Martyn, John M and Rossi, Zane M and Tan, Andrew K and Chuang, Isaac L},
  journal   = {PRX quantum},
  volume    = {2},
  number    = {4},
  pages     = {040203},
  year      = {2021},
  publisher = {APS}
}

@incollection{hatano2005finding,
  title     = {Finding exponential product formulas of higher orders},
  author    = {Hatano, Naomichi and Suzuki, Masuo},
  booktitle = {Quantum annealing and other optimization methods},
  pages     = {37--68},
  year      = {2005},
  publisher = {Springer}
}

@book{lie1893theorie,
  title     = {Theorie der transformationsgruppen},
  author    = {Lie, Sophus},
  volume    = {3},
  year      = {1893},
  publisher = {Teubner}
}

@article{trotter1959product,
  title   = {On the product of semi-groups of operators},
  author  = {Trotter, Hale F},
  journal = {Proceedings of the American Mathematical Society},
  volume  = {10},
  number  = {4},
  pages   = {545--551},
  year    = {1959}
}

@article{suzuki1976generalized,
  title     = {Generalized Trotter's formula and systematic approximants of exponential operators and inner derivations with applications to many-body problems},
  author    = {Suzuki, Masuo},
  journal   = {Communications in Mathematical Physics},
  volume    = {51},
  number    = {2},
  pages     = {183--190},
  year      = {1976},
  publisher = {Springer}
}

@article{weaving2023contextual,
  title   = {Contextual Subspace Variational Quantum Eigensolver Calculation of the Dissociation Curve of Molecular Nitrogen on a Superconducting Quantum Computer},
  author  = {Weaving, Tim and Ralli, Alexis and Love, Peter J and Succi, Sauro and Coveney, Peter V},
  journal = {arXiv preprint arXiv:2312.04392},
  year    = {2023}
}

@article{ralli2023unitary,
  title     = {Unitary partitioning and the contextual subspace variational quantum eigensolver},
  author    = {Ralli, Alexis and Weaving, Tim and Tranter, Andrew and Kirby, William M and Love, Peter J and Coveney, Peter V},
  journal   = {Physical Review Research},
  volume    = {5},
  number    = {1},
  pages     = {013095},
  year      = {2023},
  publisher = {APS}
}

@article{weaving2023stabilizer,
  title     = {A stabilizer framework for the contextual subspace variational quantum eigensolver and the noncontextual projection ansatz},
  author    = {Weaving, Tim and Ralli, Alexis and Kirby, William M and Tranter, Andrew and Love, Peter J and Coveney, Peter V},
  journal   = {Journal of Chemical Theory and Computation},
  volume    = {19},
  number    = {3},
  pages     = {808--821},
  year      = {2023},
  publisher = {ACS Publications}
}

@article{kirby2021contextual,
  title     = {Contextual subspace variational quantum eigensolver},
  author    = {Kirby, William M and Tranter, Andrew and Love, Peter J},
  journal   = {Quantum},
  volume    = {5},
  pages     = {456},
  year      = {2021},
  publisher = {Verein zur F{\"o}rderung des Open Access Publizierens in den Quantenwissenschaften}
}

@article{bravyi2017tapering,
  title   = {Tapering off qubits to simulate fermionic Hamiltonians},
  author  = {Bravyi, Sergey and Gambetta, Jay M and Mezzacapo, Antonio and Temme, Kristan},
  journal = {arXiv preprint arXiv:1701.08213},
  year    = {2017}
}

@article{lloyd1996universal,
  title     = {Universal quantum simulators},
  author    = {Lloyd, Seth},
  journal   = {Science},
  volume    = {273},
  number    = {5278},
  pages     = {1073--1078},
  year      = {1996},
  publisher = {American Association for the Advancement of Science}
}

@article{greenaway2024case,
  title   = {A case study against QSVT: assessment of quantum phase estimation improved by signal processing techniques},
  author  = {Greenaway, Sean and Pol, William and Sim, Sukin},
  journal = {arXiv preprint arXiv:2404.01396},
  year    = {2024}
}

@article{bluvstein2024logical,
  title     = {Logical quantum processor based on reconfigurable atom arrays},
  author    = {Bluvstein, Dolev and Evered, Simon J and Geim, Alexandra A and Li, Sophie H and Zhou, Hengyun and Manovitz, Tom and Ebadi, Sepehr and Cain, Madelyn and Kalinowski, Marcin and Hangleiter, Dominik and others},
  journal   = {Nature},
  volume    = {626},
  number    = {7997},
  pages     = {58--65},
  year      = {2024},
  publisher = {Nature Publishing Group UK London}
}

@article{da2024demonstration,
  title   = {Demonstration of logical qubits and repeated error correction with better-than-physical error rates},
  author  = {da Silva, MP and Ryan-Anderson, C and Bello-Rivas, JM and Chernoguzov, A and Dreiling, JM and Foltz, C and Gaebler, JP and Gatterman, TM and Hayes, D and Hewitt, N and others},
  journal = {arXiv preprint arXiv:2404.02280},
  year    = {2024}
}
@article{egan2021fault,
  title     = {Fault-tolerant control of an error-corrected qubit},
  author    = {Egan, Laird and Debroy, Dripto M and Noel, Crystal and Risinger, Andrew and Zhu, Daiwei and Biswas, Debopriyo and Newman, Michael and Li, Muyuan and Brown, Kenneth R and Cetina, Marko and others},
  journal   = {Nature},
  volume    = {598},
  number    = {7880},
  pages     = {281--286},
  year      = {2021},
  publisher = {Nature Publishing Group UK London}
}

@article{ryan2021realization,
  title     = {Realization of real-time fault-tolerant quantum error correction},
  author    = {Ryan-Anderson, Ciaran and Bohnet, Justin G and Lee, Kenny and Gresh, Daniel and Hankin, Aaron and Gaebler, JP and Francois, David and Chernoguzov, Alexander and Lucchetti, Dominic and Brown, Natalie C and others},
  journal   = {Physical Review X},
  volume    = {11},
  number    = {4},
  pages     = {041058},
  year      = {2021},
  publisher = {APS}
}

@article{google2023suppressing,
  title     = {Suppressing quantum errors by scaling a surface code logical qubit},
  author    = {Google Quantum AI},
  journal   = {Nature},
  volume    = {614},
  number    = {7949},
  pages     = {676--681},
  year      = {2023},
  publisher = {Nature Publishing Group UK London}
}

@article{sivak2023real,
  title     = {Real-time quantum error correction beyond break-even},
  author    = {Sivak, VV and Eickbusch, Alec and Royer, Baptiste and Singh, Shraddha and Tsioutsios, Ioannis and Ganjam, Suhas and Miano, Alessandro and Brock, BL and Ding, AZ and Frunzio, Luigi and others},
  journal   = {Nature},
  volume    = {616},
  number    = {7955},
  pages     = {50--55},
  year      = {2023},
  publisher = {Nature Publishing Group UK London}
}

@article{erhard2021entangling,
  title     = {Entangling logical qubits with lattice surgery},
  author    = {Erhard, Alexander and Poulsen Nautrup, Hendrik and Meth, Michael and Postler, Lukas and Stricker, Roman and Stadler, Martin and Negnevitsky, Vlad and Ringbauer, Martin and Schindler, Philipp and Briegel, Hans J and others},
  journal   = {Nature},
  volume    = {589},
  number    = {7841},
  pages     = {220--224},
  year      = {2021},
  publisher = {Nature Publishing Group UK London}
}

@article{cleve1998quantum,
  title     = {Quantum algorithms revisited},
  author    = {Cleve, Richard and Ekert, Artur and Macchiavello, Chiara and Mosca, Michele},
  journal   = {Proceedings of the Royal Society of London. Series A: Mathematical, Physical and Engineering Sciences},
  volume    = {454},
  number    = {1969},
  pages     = {339--354},
  year      = {1998},
  publisher = {The Royal Society}
}

@article{wecker2014gate,
  title     = {Gate-count estimates for performing quantum chemistry on small quantum computers},
  author    = {Wecker, Dave and Bauer, Bela and Clark, Bryan K and Hastings, Matthew B and Troyer, Matthias},
  journal   = {Physical Review A},
  volume    = {90},
  number    = {2},
  pages     = {022305},
  year      = {2014},
  publisher = {APS}
}

@article{abrams1999quantum,
  title     = {Quantum algorithm providing exponential speed increase for finding eigenvalues and eigenvectors},
  author    = {Abrams, Daniel S and Lloyd, Seth},
  journal   = {Physical Review Letters},
  volume    = {83},
  number    = {24},
  pages     = {5162},
  year      = {1999},
  publisher = {APS}
}

@article{bhatia1984bound,
  title     = {A bound for the spectral variation of a unitary operator},
  author    = {Bhatia, Rajendra and Davis, Chandler},
  journal   = {Linear and Multilinear Algebra},
  volume    = {15},
  number    = {1},
  pages     = {71--76},
  year      = {1984},
  publisher = {Taylor \& Francis}
}

@article{liu2024efficient,
  title   = {An Efficient Quantum Circuit for Block Encoding a Pairing Hamiltonian},
  author  = {Liu, Diyi and Du, Weijie and Lin, Lin and Vary, James P and Yang, Chao},
  journal = {arXiv preprint arXiv:2402.11205},
  year    = {2024}
}

@article{grover2002creating,
  title   = {Creating superpositions that correspond to efficiently integrable probability distributions},
  author  = {Grover, Lov and Rudolph, Terry},
  journal = {arXiv preprint quant-ph/0208112},
  year    = {2002}
}

@book{Sakurai_Napolitano_2020,
  place     = {Cambridge},
  edition   = {3},
  title     = {Modern Quantum Mechanics},
  publisher = {Cambridge University Press},
  author    = {Sakurai, J. J. and Napolitano, Jim},
  year      = {2020}
} 

@article{jordan-wigner,
  author  = {Jordan, P. and Wigner, E.},
  journal = {Zeitschrift fÃ¼r Physik},
  number  = {9},
  title   = {Ãber das Paulische Ãquivalenzverbot},
  volume  = {47},
  year    = {1928}
}

@book{Schwartz_2013,
  place     = {Cambridge},
  title     = {Quantum Field Theory and the Standard Model},
  publisher = {Cambridge University Press},
  author    = {Schwartz, Matthew D.},
  year      = {2013}
}

@article{mottonen2004transformation,
  title   = {Transformation of quantum states using uniformly controlled rotations},
  author  = {Mottonen, Mikko and Vartiainen, Juha J and Bergholm, Ville and Salomaa, Martti M},
  journal = {arXiv preprint quant-ph/0407010},
  year    = {2004}
}

@article{low2021halving,
  title   = {Halving the cost of quantum multiplexed rotations},
  author  = {Low, Guang Hao},
  journal = {arXiv preprint arXiv:2110.13439},
  year    = {2021}
}

@article{gidney2018halving,
  title     = {Halving the cost of quantum addition},
  author    = {Gidney, Craig},
  journal   = {Quantum},
  volume    = {2},
  pages     = {74},
  year      = {2018},
  publisher = {Verein zur F{\"o}rderung des Open Access Publizierens in den Quantenwissenschaften}
}

@misc{Gidney_2015,
  title   = {Constructing Large Increment Gates},
  url     = {Constructing Large Increment Gates},
  journal = {Algorithmic Assertions},
  author  = {Gidney, Craig},
  year    = {2015},
  month   = {Jun}
} 

@article{camps2024explicit,
  title     = {Explicit quantum circuits for block encodings of certain sparse matrices},
  author    = {Camps, Daan and Lin, Lin and Van Beeumen, Roel and Yang, Chao},
  journal   = {SIAM Journal on Matrix Analysis and Applications},
  volume    = {45},
  number    = {1},
  pages     = {801--827},
  year      = {2024},
  publisher = {SIAM}
}

@article{lin2022lecture,
  title   = {Lecture notes on quantum algorithms for scientific computation},
  author  = {Lin, Lin},
  journal = {arXiv preprint arXiv:2201.08309},
  year    = {2022}
}
